@article{DBLP:journals/corr/abs-1304-3390,
  author       = {Alexander S. Green and
                  Peter LeFanu Lumsdaine and
                  Neil J. Ross and
                  Peter Selinger and
                  Beno{\^{\i}}t Valiron},
  title        = {Quipper: {A} Scalable Quantum Programming Language},
  journal      = {CoRR},
  volume       = {abs/1304.3390},
  year         = {2013},
  url          = {http://arxiv.org/abs/1304.3390},
  eprinttype    = {arXiv},
  eprint       = {1304.3390},
  timestamp    = {Mon, 13 Aug 2018 16:47:28 +0200},
  biburl       = {https://dblp.org/rec/journals/corr/abs-1304-3390.bib},
  bibsource    = {dblp computer science bibliography, https://dblp.org}
}

